<record><leader>00000cas a22000007a 4500</leader><controlfield tag="001">27302252</controlfield><controlfield tag="008">930121d18791uuucauwr ne      0    0eng d</controlfield><datafield ind1=" " ind2=" " tag="010"><subfield code="a">sn 92068466 </subfield></datafield><datafield ind1=" " ind2=" " tag="040"><subfield code="a">CUY</subfield><subfield code="b">eng</subfield><subfield code="c">CNK</subfield><subfield code="d">OCLCQ</subfield></datafield><datafield ind1=" " ind2=" " tag="042"><subfield code="a">msc</subfield></datafield><datafield ind1="0" ind2="0" tag="245"><subfield code="a">Alameda County reporter.</subfield></datafield><datafield ind1="3" ind2="0" tag="246"><subfield code="a">Alameda reporter</subfield></datafield><datafield ind1=" " ind2=" " tag="260"><subfield code="a">Washington [Fremont] Alameda County, Cal. :</subfield><subfield code="b">E.F. Calkin</subfield></datafield><datafield ind1=" " ind2=" " tag="300"><subfield code="a">v.</subfield></datafield><datafield ind1=" " ind2=" " tag="310"><subfield code="a">Weekly</subfield></datafield><datafield ind1="0" ind2=" " tag="362"><subfield code="a">Vol. 4, no. 39 (Feb. 22, 1879)-</subfield></datafield><datafield ind1=" " ind2=" " tag="500"><subfield code="a">"County" appears above masthead ornament.</subfield></datafield><datafield ind1=" " ind2="4" tag="651"><subfield code="a">Alameda County (Calif.)</subfield><subfield code="v">Newspapers.</subfield></datafield><datafield ind1=" " ind2=" " tag="752"><subfield code="a">United States</subfield><subfield code="b">California</subfield><subfield code="c">Alameda</subfield><subfield code="d">Fremont.</subfield></datafield><datafield ind1="0" ind2="0" tag="780"><subfield code="t">Alameda County independent</subfield><subfield code="w">(DLC)sn 92068465</subfield></datafield><datafield ind1="1" ind2=" " tag="029"><subfield code="a">AU@</subfield><subfield code="b">000020734631</subfield></datafield></record>